<record><leader>00000cas a22000007a 4500</leader><controlfield tag="001">25515415</controlfield><controlfield tag="008">920323d195519uuaruwr ne      0    0eng d</controlfield><controlfield tag="009">8899</controlfield><datafield ind1=" " ind2=" " tag="010"><subfield code="a">sn 92050052 </subfield></datafield><datafield ind1=" " ind2=" " tag="040"><subfield code="a">ANU</subfield><subfield code="b">eng</subfield><subfield code="c">ANU</subfield><subfield code="d">OCLCQ</subfield></datafield><datafield ind1="1" ind2=" " tag="029"><subfield code="a">AU@</subfield><subfield code="b">000020712247</subfield></datafield><datafield ind1=" " ind2=" " tag="042"><subfield code="a">msc</subfield></datafield><datafield ind1="0" ind2="4" tag="245"><subfield code="a">The L.R.A.F.B. news.</subfield></datafield><datafield ind1="3" ind2="0" tag="246"><subfield code="a">LRAFB news</subfield></datafield><datafield ind1=" " ind2=" " tag="260"><subfield code="a">Little Rock Air Force Base, Ark.</subfield><subfield code="b">Base Information Services</subfield></datafield><datafield ind1=" " ind2=" " tag="300"><subfield code="a">v.</subfield></datafield><datafield ind1=" " ind2=" " tag="310"><subfield code="a">Weekly</subfield></datafield><datafield ind1="0" ind2=" " tag="362"><subfield code="a">Vol. 1, no. 1 (Dec. 2, 1955)-</subfield></datafield><datafield ind1=" " ind2=" " tag="500"><subfield code="a">Reprinted in the Sept. 30, 1975 issue of Jacksonville daily news (Jacksonville, Ark. : 1968).</subfield></datafield><datafield ind1=" " ind2="4" tag="651"><subfield code="a">Little Rock Air Force Base (Ark.)</subfield><subfield code="v">Newspapers.</subfield></datafield><datafield ind1=" " ind2=" " tag="752"><subfield code="a">United States</subfield><subfield code="b">Arkansas</subfield><subfield code="c">Pulaski</subfield><subfield code="d">Little Rock Air Force Base.</subfield></datafield></record>